@inproceedings{kohler06,
   author = {Kohler, Eddie and Handley, Mark and Floyd, Sally},
   title = {Designing DCCP: congestion control without reliability},
   booktitle = {Proceedings of the 2006 conference on Applications, technologies, architectures, and protocols for computer communications},
   series = {SIGCOMM '06},
   year = {2006},
   isbn = {1-59593-308-5},
   location = {Pisa, Italy},
   pages = {27--38},
   numpages = {12},
   url = {http://doi.acm.org/10.1145/1159913.1159918},
   doi = {10.1145/1159913.1159918},
   acmid = {1159918},
   publisher = {ACM},
   address = {New York, NY, USA},
   keywords = {DCCP, Internet telephony, TCP, congestion control, streaming media, transfer, transport protocols, unreliable},
}
